Automatically generated by Mendeley Desktop 1.13.8
Any changes to this file will be lost if it is regenerated by Mendeley.

BibTeX export options can be customized via Preferences -> BibTeX in Mendeley Desktop

@article{BarlowM.J.;RocheP.F.;Aitken1988,
author = {{Barlow, M. J.; Roche, P.F.; Aitken}, D.K.},
file = {:Users/antoniabevan/Documents/Mendeley Desktop/Barlow, M. J. Roche, P.F. Aitken/Monthly Notices of the Royal Astronomical Society/Barlow, M. J. Roche, P.F. Aitken - 1988 - The determination of wind terminal velocities and ionic abundances from infrared fine-structu.pdf:pdf},
journal = {Monthly Notices of the Royal Astronomical Society},
pages = {821--834},
title = {{The determination of wind terminal velocities and ionic abundances from infrared fine-structure lines: the WC* component of $\gamma$ Velorum}},
url = {http://medcontent.metapress.com/index/A65RM03P4874243N.pdf},
volume = {232},
year = {1988}
}
@article{Dessart2000,
author = {Dessart, L. and Crowther, P. a. and {John Hillier}, D. and Willis, a. J. and Morris, P. W. and van der Hucht, K. a.},
doi = {10.1046/j.1365-8711.2000.03399.x},
file = {:Users/antoniabevan/Documents/Mendeley Desktop/Dessart et al/Monthly Notices of the Royal Astronomical Society/Dessart et al. - 2000 - Quantitative analysis of WC stars constraints on neon abundances from ISO-SWS spectroscopy.pdf:pdf},
issn = {0035-8711},
journal = {Monthly Notices of the Royal Astronomical Society},
keywords = {abundances,evolution,fundamental parameters,infrared,rayet,stars,wolf},
month = jun,
number = {2},
pages = {407--422},
title = {{Quantitative analysis of WC stars: constraints on neon abundances from ISO-SWS spectroscopy}},
url = {http://mnras.oxfordjournals.org/cgi/doi/10.1046/j.1365-8711.2000.03399.x},
volume = {315},
year = {2000}
}
