Automatically generated by Mendeley Desktop 1.13.8
Any changes to this file will be lost if it is regenerated by Mendeley.

BibTeX export options can be customized via Preferences -> BibTeX in Mendeley Desktop

@article{Lucy2005b,
author = {Lucy, L B},
doi = {10.1051/0004-6361},
file = {:Users/antoniabevan/Documents/Mendeley Desktop/Lucy/Unknown/Lucy - 2005 - Similarity solutions for radiation in time-dependent relativistic flows.pdf:pdf},
keywords = {analytical,methods,numerical,radiative transfer},
pages = {31--37},
title = {{Similarity solutions for radiation in time-dependent relativistic flows}},
volume = {37},
year = {2005}
}
@article{Lucy2003a,
author = {Lucy, LB},
doi = {10.1051/0004-6361},
file = {:Users/antoniabevan/Documents/Mendeley Desktop/Lucy/Astronomy and Astrophysics/Lucy - 2003 - Monte Carlo transition probabilities. II.pdf:pdf},
journal = {Astronomy and Astrophysics},
keywords = {atmospheres,formation,general,line,methods,numerical,radiative transfer,stars,supernovae},
pages = {261--275},
title = {{Monte Carlo transition probabilities. II.}},
url = {http://www.aanda.org/articles/aa/abs/2003/19/aa3550/aa3550.html},
volume = {275},
year = {2003}
}
@article{Mazzali1993a,
author = {Mazzali, PA and Lucy, LB},
file = {:Users/antoniabevan/Documents/Mendeley Desktop/Mazzali, Lucy/Astronomy and Astrophysics/Mazzali, Lucy - 1993 - The application of Monte Carlo methods to the synthesis of early-time supernovae spectra.pdf:pdf},
journal = {Astronomy and Astrophysics},
title = {{The application of Monte Carlo methods to the synthesis of early-time supernovae spectra}},
url = {http://adsabs.harvard.edu/full/1993A\%26A...279..447M},
year = {1993}
}
@article{Lucy2002a,
author = {Lucy, L B},
doi = {10.1051/0004-6361},
file = {:Users/antoniabevan/Documents/Mendeley Desktop/Lucy/Unknown/Lucy - 2002 - Monte Carlo transition probabilities.pdf:pdf},
keywords = {atmospheres,formation,line,methods,numerical,radiative transfer,stars},
pages = {725--735},
title = {{Monte Carlo transition probabilities}},
volume = {735},
year = {2002}
}
@article{Lucy1999a,
author = {Lucy, LB},
file = {:Users/antoniabevan/Documents/Mendeley Desktop/Lucy/Astronomy and Astrophysics/Lucy - 1999 - Improved Monte Carlo techniques for the spectral synthesis of supernovae.pdf:pdf},
journal = {Astronomy and Astrophysics},
keywords = {atmospheres,general,methods,numerical,radiative transfer,stars,supernovae},
pages = {211--220},
title = {{Improved Monte Carlo techniques for the spectral synthesis of supernovae}},
url = {http://adsabs.harvard.edu/full/1999A\%26A...345..211L},
volume = {220},
year = {1999}
}
@article{Whitney2011,
author = {Whitney, B A},
file = {:Users/antoniabevan/Documents/Mendeley Desktop/Whitney/Unknown/Whitney - 2011 - Monte Carlo radiative transfer.pdf:pdf},
keywords = {gen-,polarization,radiation mechanisms,radiative transfer,scattering},
pages = {101--127},
title = {{Monte Carlo radiative transfer}},
year = {2011}
}
@article{Lucy2005c,
author = {Lucy, LB},
doi = {10.1051/0004-6361},
file = {:Users/antoniabevan/Documents/Mendeley Desktop/Lucy/Astronomy and Astrophysics/Lucy - 2005 - Monte Carlo techniques for time-dependent radiative transfer in 3-D supernovae.pdf:pdf},
journal = {Astronomy and Astrophysics},
keywords = {general,methods,numerical,radiative transfer,stars,supernovae},
pages = {19--30},
title = {{Monte Carlo techniques for time-dependent radiative transfer in 3-D supernovae}},
url = {http://www.aanda.org/articles/aa/abs/2005/01/aa1656/aa1656.html},
volume = {30},
year = {2005}
}
@article{Lucy1987,
author = {Lucy, LB},
file = {:Users/antoniabevan/Documents/Mendeley Desktop/Lucy/European Southern Observatory Conference and \ldots/Lucy - 1987 - Computed spectra for SN 1987A.pdf:pdf},
journal = {European Southern Observatory Conference and \ldots},
title = {{Computed spectra for SN 1987A}},
url = {http://adsabs.harvard.edu/abs/1987ESOC...26..417L},
year = {1987}
}
