Automatically generated by Mendeley Desktop 1.13.8
Any changes to this file will be lost if it is regenerated by Mendeley.

BibTeX export options can be customized via Preferences -> BibTeX in Mendeley Desktop

@article{Sugerman2006a,
archivePrefix = {arXiv},
arxivId = {arXiv:astro-ph/0606132v2},
author = {Sugerman, BEK and Ercolano, B and Barlow, MJ},
eprint = {0606132v2},
file = {:Users/antoniabevan/Documents/Mendeley Desktop/Sugerman, Ercolano, Barlow/Science/Sugerman, Ercolano, Barlow - 2006 - Massive-star supernovae as major dust factories.pdf:pdf},
journal = {Science},
pages = {1--11},
primaryClass = {arXiv:astro-ph},
title = {{Massive-star supernovae as major dust factories}},
url = {http://www.sciencemag.org/content/313/5784/196.short},
year = {2006}
}
@article{Gomez2012a,
annote = {ArXiV preprint},
archivePrefix = {arXiv},
arxivId = {arXiv:1209.5677v1},
author = {Gomez, H L and Krause, O and Barlow, M J and Swinyard, B M and Owen, P J and Clark, C J R and Matsuura, M and Rho, J and Bouwman, J and Gear, W K and Ivison, R J and Polehampton, E T and Sibthorpe, B},
eprint = {arXiv:1209.5677v1},
file = {:Users/antoniabevan/Documents/Mendeley Desktop/Gomez et al/Unknown/Gomez et al. - 2012 - A cool dust factory in the crab nebula a.pdf:pdf},
isbn = {1342204441},
title = {{A cool dust factory in the crab nebula: a}},
year = {2012}
}
@article{Fabbri2011a,
author = {Fabbri, J. and Otsuka, M. and Barlow, M. J. and Gallagher, Joseph S. and Wesson, R. and Sugerman, B. E. K. and Clayton, Geoffrey C. and Meixner, M. and Andrews, J. E. and Welch, D. L. and Ercolano, B.},
doi = {10.1111/j.1365-2966.2011.19577.x},
file = {:Users/antoniabevan/Documents/Mendeley Desktop/Fabbri et al/Monthly Notices of the Royal Astronomical Society/Fabbri et al. - 2011 - The effects of dust on the optical and infrared evolution of SN 2004et.pdf:pdf},
issn = {00358711},
journal = {Monthly Notices of the Royal Astronomical Society},
keywords = {1 i n t,1989,2001,2003,and bianchi,circumstellar matter,ferrara,hasegawa,individual,nomoto,nozawa et al,ro d u c,schneider,sn 2004et,supernovae,t i o n,theoretical studies by kozasa,todini},
month = dec,
number = {2},
pages = {1285--1307},
title = {{The effects of dust on the optical and infrared evolution of SN 2004et}},
url = {http://doi.wiley.com/10.1111/j.1365-2966.2011.19577.x},
volume = {418},
year = {2011}
}
@article{Matsuura2011,
abstract = {We report far-infrared and submillimeter observations of supernova 1987A, the star whose explosion was observed on 23 February 1987 in the Large Magellanic Cloud, a galaxy located 160,000 light years away. The observations reveal the presence of a population of cold dust grains radiating with a temperature of about 17 to 23 kelvin at a rate of about 220 times the luminosity of the Sun. The intensity and spectral energy distribution of the emission suggest a dust mass of about 0.4 to 0.7 times the mass of the Sun. The radiation must originate from the supernova ejecta and requires the efficient precipitation of all refractory material into dust. Our observations imply that supernovae can produce the large dust masses detected in young galaxies at very high redshifts.},
author = {Matsuura, M and Dwek, E and Meixner, M and Otsuka, M and Babler, B and Barlow, M J and Roman-Duval, J and Engelbracht, C and Sandstrom, K and Laki\'{c}evi\'{c}, M and van Loon, J Th and Sonneborn, G and Clayton, G C and Long, K S and Lundqvist, P and Nozawa, T and Gordon, K D and Hony, S and Panuzzo, P and Okumura, K and Misselt, K a and Montiel, E and Sauvage, M},
doi = {10.1126/science.1205983},
file = {:Users/antoniabevan/Documents/Mendeley Desktop/Matsuura et al/Science (New York, N.Y.)/Matsuura et al. - 2011 - Herschel detects a massive dust reservoir in supernova 1987A.pdf:pdf},
issn = {1095-9203},
journal = {Science (New York, N.Y.)},
month = sep,
number = {6047},
pages = {1258--61},
pmid = {21737700},
title = {{Herschel detects a massive dust reservoir in supernova 1987A.}},
url = {http://www.ncbi.nlm.nih.gov/pubmed/21737700},
volume = {333},
year = {2011}
}
@article{Lucy1989b,
author = {Lucy, L and Danziger, I and Gouiffes, C and Bouchet, P},
file = {:Users/antoniabevan/Documents/Mendeley Desktop/Lucy et al/Structure and Dynamics of the \ldots/Lucy et al. - 1989 - Dust condensation in the ejecta of SN 1987A.pdf:pdf},
journal = {Structure and Dynamics of the \ldots},
number = {1988},
pages = {164--179},
title = {{Dust condensation in the ejecta of SN 1987A}},
url = {http://www.springerlink.com/index/L2W3753372M38801.pdf},
year = {1989}
}
@article{Barlow2010a,
author = {Barlow, M. J. and Krause, O. and Swinyard, B. M. and Sibthorpe, B. and Besel, M.-A. and Wesson, R. and Ivison, R. J. and Dunne, L. and Gear, W. K. and Gomez, H. L. and Hargrave, P. C. and Henning, Th. and Leeks, S. J. and Lim, T. L. and Olofsson, G. and Polehampton, E. T.},
doi = {10.1051/0004-6361/201014585},
file = {:Users/antoniabevan/Documents/Mendeley Desktop/Barlow et al/Astronomy and Astrophysics/Barlow et al. - 2010 - A Herschel PACS and SPIRE study of the dust content of the Cassiopeia A supernova remnant.pdf:pdf},
issn = {0004-6361},
journal = {Astronomy and Astrophysics},
keywords = {dust,extinction,infrared,ism,supernova remnants},
month = jul,
pages = {L138},
title = {{A Herschel PACS and SPIRE study of the dust content of the Cassiopeia A supernova remnant}},
url = {http://www.aanda.org/10.1051/0004-6361/201014585},
volume = {518},
year = {2010}
}
@article{Gomez2012b,
author = {Gomez, H. L. and Clark, C. J. R. and Nozawa, T. and Krause, O. and Gomez, E. L. and Matsuura, M. and Barlow, M. J. and Besel, M.-a. and Dunne, L. and Gear, W. K. and Hargrave, P. and Henning, Th. and Ivison, R. J. and Sibthorpe, B. and Swinyard, B. M. and Wesson, R.},
doi = {10.1111/j.1365-2966.2011.20272.x},
file = {:Users/antoniabevan/Documents/Mendeley Desktop/Gomez et al/Monthly Notices of the Royal Astronomical Society/Gomez et al. - 2012 - Dust in historical Galactic Type Ia supernova remnants with Herschel★.pdf:pdf},
issn = {00358711},
journal = {Monthly Notices of the Royal Astronomical Society},
keywords = {abundances,and with,dust,european-led principal investigator consortia,extinc-,galaxies,herschel is an european,important participation from nasa,individual,ism,kepler,s space observatory with,science instruments provided by,space agency,submillimetre,supernovae,tion,tycho},
month = mar,
number = {4},
pages = {3557--3573},
title = {{Dust in historical Galactic Type Ia supernova remnants with Herschel★}},
url = {http://doi.wiley.com/10.1111/j.1365-2966.2011.20272.x},
volume = {420},
year = {2012}
}
