Automatically generated by Mendeley Desktop 1.13.8
Any changes to this file will be lost if it is regenerated by Mendeley.

BibTeX export options can be customized via Preferences -> BibTeX in Mendeley Desktop

@article{Gerasimovic1933,
author = {Gerasimovic, B.P.},
file = {:Users/antoniabevan/Documents/Mendeley Desktop/Gerasimovic/Zeitschrift f\"{u}r Astrophysik/Gerasimovic - 1933 - The contours of emission lines in expanding nebular envelopes.pdf:pdf},
journal = {Zeitschrift f\"{u}r Astrophysik},
pages = {335},
title = {{The contours of emission lines in expanding nebular envelopes}},
volume = {7},
year = {1933}
}
@article{VainuBappu1954,
author = {{Vainu Bappu}, M. K.; and Menzel, D. H.},
doi = {10.1086/145857},
file = {:Users/antoniabevan/Documents/Mendeley Desktop/Vainu Bappu, Menzel/Astrophysical Journal/Vainu Bappu, Menzel - 1954 - Emission-Line Profiles from Expanding Envelopes.pdf:pdf},
journal = {Astrophysical Journal},
pages = {508},
title = {{Emission-Line Profiles from Expanding Envelopes}},
volume = {119},
year = {1954}
}
@article{Lucy1989b,
author = {Lucy, L and Danziger, I and Gouiffes, C and Bouchet, P},
file = {:Users/antoniabevan/Documents/Mendeley Desktop/Lucy et al/Structure and Dynamics of the \ldots/Lucy et al. - 1989 - Dust condensation in the ejecta of SN 1987A.pdf:pdf},
journal = {Structure and Dynamics of the \ldots},
number = {1988},
pages = {164--179},
title = {{Dust condensation in the ejecta of SN 1987A}},
url = {http://www.springerlink.com/index/L2W3753372M38801.pdf},
year = {1989}
}
@article{Auer1972b,
author = {Auer, LH and Blerkom, D Van},
file = {:Users/antoniabevan/Documents/Mendeley Desktop/Auer, Blerkom/The Astrophysical Journal/Auer, Blerkom - 1972 - Electron scattering in spherically expanding envelopes.pdf:pdf},
journal = {The Astrophysical Journal},
title = {{Electron scattering in spherically expanding envelopes}},
url = {http://scholar.google.com/scholar?hl=en\&btnG=Search\&q=intitle:No+Title\#0 http://adsabs.harvard.edu/full/1972ApJ...178..175A},
year = {1972}
}
