Automatically generated by Mendeley Desktop 1.13.8
Any changes to this file will be lost if it is regenerated by Mendeley.

BibTeX export options can be customized via Preferences -> BibTeX in Mendeley Desktop

@article{Sugerman2006a,
archivePrefix = {arXiv},
arxivId = {arXiv:astro-ph/0606132v2},
author = {Sugerman, BEK and Ercolano, B and Barlow, MJ},
eprint = {0606132v2},
file = {:Users/antoniabevan/Documents/Mendeley Desktop/Sugerman, Ercolano, Barlow/Science/Sugerman, Ercolano, Barlow - 2006 - Massive-star supernovae as major dust factories.pdf:pdf},
journal = {Science},
pages = {1--11},
primaryClass = {arXiv:astro-ph},
title = {{Massive-star supernovae as major dust factories}},
url = {http://www.sciencemag.org/content/313/5784/196.short},
year = {2006}
}
@article{Whitney2011,
author = {Whitney, B A},
file = {:Users/antoniabevan/Documents/Mendeley Desktop/Whitney/Unknown/Whitney - 2011 - Monte Carlo radiative transfer.pdf:pdf},
keywords = {gen-,polarization,radiation mechanisms,radiative transfer,scattering},
pages = {101--127},
title = {{Monte Carlo radiative transfer}},
year = {2011}
}
@article{Auer1972b,
author = {Auer, LH and Blerkom, D Van},
file = {:Users/antoniabevan/Documents/Mendeley Desktop/Auer, Blerkom/The Astrophysical Journal/Auer, Blerkom - 1972 - Electron scattering in spherically expanding envelopes.pdf:pdf},
journal = {The Astrophysical Journal},
title = {{Electron scattering in spherically expanding envelopes}},
url = {http://scholar.google.com/scholar?hl=en\&btnG=Search\&q=intitle:No+Title\#0 http://adsabs.harvard.edu/full/1972ApJ...178..175A},
year = {1972}
}
